<record><leader>00000cas a2200000 a 4500</leader><controlfield tag="001">12065518</controlfield><controlfield tag="008">850522d18521872ohudr ne      0   a0eng  </controlfield><datafield ind1=" " ind2=" " tag="010"><subfield code="a">sn 85042288 </subfield></datafield><datafield ind1=" " ind2=" " tag="040"><subfield code="a">DLC</subfield><subfield code="b">eng</subfield><subfield code="c">DLC</subfield><subfield code="d">NPX</subfield><subfield code="d">NPY</subfield><subfield code="d">NPW</subfield><subfield code="d">NPU</subfield><subfield code="d">ONP</subfield><subfield code="d">KNP</subfield><subfield code="d">MGN</subfield><subfield code="d">CNK</subfield><subfield code="d">CRL</subfield><subfield code="d">ONP</subfield><subfield code="d">MGN</subfield><subfield code="d">NVF</subfield><subfield code="d">MGN</subfield><subfield code="d">TGN</subfield><subfield code="d">CVF</subfield><subfield code="d">OCL</subfield><subfield code="d">DLC</subfield><subfield code="d">CRL</subfield><subfield code="d">KRTAS</subfield><subfield code="d">DLC</subfield><subfield code="d">TXA</subfield><subfield code="d">OCLCQ</subfield><subfield code="d">OCLCF</subfield><subfield code="d">DLC</subfield></datafield><datafield ind1=" " ind2=" " tag="012"><subfield code="l">1</subfield></datafield><datafield ind1="0" ind2=" " tag="022"><subfield code="a">2575-5684</subfield><subfield code="2">1</subfield></datafield><datafield ind1=" " ind2=" " tag="042"><subfield code="a">pcc</subfield><subfield code="a">nsdp</subfield></datafield><datafield ind1=" " ind2=" " tag="043"><subfield code="a">n-us-oh</subfield></datafield><datafield ind1="0" ind2="0" tag="050"><subfield code="a">Newspaper</subfield></datafield><datafield ind1="1" ind2="0" tag="082"><subfield code="a">070</subfield><subfield code="2">23</subfield></datafield><datafield ind1="0" ind2=" " tag="130"><subfield code="a">Cincinnati daily enquirer (Cincinnati, Ohio : 1852)</subfield></datafield><datafield ind1=" " ind2="4" tag="222"><subfield code="a">The Cincinnati daily enquirer</subfield><subfield code="b">(Cincinnati, Ohio : 1852)</subfield></datafield><datafield ind1="1" ind2="4" tag="245"><subfield code="a">The Cincinnati daily enquirer.</subfield></datafield><datafield ind1=" " ind2=" " tag="260"><subfield code="a">Cincinnati [Ohio] :</subfield><subfield code="b">Faran &amp; Robinson,</subfield><subfield code="c">1852-1872.</subfield></datafield><datafield ind1=" " ind2=" " tag="300"><subfield code="a">v.</subfield></datafield><datafield ind1=" " ind2=" " tag="310"><subfield code="a">Daily,</subfield><subfield code="b">Feb. 3, 1867-Feb. 17, 1872</subfield></datafield><datafield ind1=" " ind2=" " tag="321"><subfield code="a">Daily (except Monday),</subfield><subfield code="b">Sept. 16, 1852-Dec. 8, 1866</subfield></datafield><datafield ind1=" " ind2=" " tag="321"><subfield code="a">Daily (except Sunday),</subfield><subfield code="b">Dec. 9, 1866-Feb. 2, 1867</subfield></datafield><datafield ind1="0" ind2=" " tag="362"><subfield code="a">Vol. 12, no. 249 (Sept. 16, 1852)-v. 36, no. 46 (Feb. 17, 1872).</subfield></datafield><datafield ind1=" " ind2=" " tag="500"><subfield code="a">Publishers: Faran &amp; Robinson, &lt;1852&gt;; Enquirer Co., &lt;1856&gt;; Faran &amp; McLean, &lt;1859, 1864-1865, 1869, 1872&gt;.</subfield></datafield><datafield ind1=" " ind2=" " tag="515"><subfield code="a">Issues for Sept. 16, 1852-Dec. 4, 1868 also called: Whole no. 3462-&lt;whole no. 7017&gt;, &lt;whole no. 1080&gt;-whole no. 2499; numbering irregular.</subfield></datafield><datafield ind1=" " ind2=" " tag="530"><subfield code="a">Also issued on microfilm from Microfilm Corp. and Readex.</subfield></datafield><datafield ind1=" " ind2=" " tag="580"><subfield code="a">Weekly eds.: Cincinnati weekly enquirer (Cincinnati, Ohio : 1852), 1852-&lt;1857&gt;, and: Weekly enquirer (Cincinnati, Ohio : 1858), &lt;1858&gt;-1859, and: Cincinnati weekly enquirer (Cincinnati, Ohio : 1860), 1860-1872.</subfield></datafield><datafield ind1=" " ind2="0" tag="651"><subfield code="a">Cincinnati (Ohio)</subfield><subfield code="v">Newspapers.</subfield></datafield><datafield ind1=" " ind2="0" tag="651"><subfield code="a">Hamilton County (Ohio)</subfield><subfield code="v">Newspapers.</subfield></datafield><datafield ind1=" " ind2="7" tag="651"><subfield code="a">Ohio</subfield><subfield code="z">Cincinnati.</subfield><subfield code="2">fast</subfield><subfield code="0">(OCoLC)fst01205142</subfield></datafield><datafield ind1=" " ind2="7" tag="651"><subfield code="a">Ohio</subfield><subfield code="z">Hamilton County.</subfield><subfield code="2">fast</subfield><subfield code="0">(OCoLC)fst01205597</subfield></datafield><datafield ind1=" " ind2="7" tag="655"><subfield code="a">Newspapers.</subfield><subfield code="2">fast</subfield><subfield code="0">(OCoLC)fst01423814</subfield></datafield><datafield ind1=" " ind2=" " tag="752"><subfield code="a">United States</subfield><subfield code="b">Ohio</subfield><subfield code="c">Hamilton</subfield><subfield code="d">Cincinnati.</subfield></datafield><datafield ind1="1" ind2=" " tag="775"><subfield code="t">Cincinnati weekly enquirer (Cincinnati, Ohio : 1852)</subfield><subfield code="w">(DLC)sn 87090506</subfield><subfield code="w">(OCoLC)16003305</subfield></datafield><datafield ind1="1" ind2=" " tag="775"><subfield code="t">Weekly enquirer (Cincinnati, Ohio : 1858)</subfield><subfield code="w">(DLC)sn 84028726</subfield><subfield code="w">(OCoLC)12382748</subfield></datafield><datafield ind1="1" ind2=" " tag="775"><subfield code="t">Cincinnati weekly enquirer (Cincinnati, Ohio : 1860)</subfield><subfield code="w">(DLC)sn 83045024</subfield><subfield code="w">(OCoLC)9291597</subfield></datafield><datafield ind1="0" ind2="8" tag="776"><subfield code="i">Online version:</subfield><subfield code="t">Cincinnati daily enquirer (Cincinnati, Ohio : 1852)</subfield><subfield code="x">2575-5692</subfield><subfield code="w">(DLC)  2012263199</subfield><subfield code="w">(OCoLC)797035568</subfield></datafield><datafield ind1="0" ind2="0" tag="780"><subfield code="t">Cincinnati enquirer (Cincinnati, Ohio : 1849)</subfield><subfield code="x">2575-5668</subfield><subfield code="w">(DLC)sn 83045622</subfield><subfield code="w">(OCoLC)1554724</subfield></datafield><datafield ind1="0" ind2="0" tag="785"><subfield code="t">Cincinnati enquirer (Cincinnati, Ohio : 1872)</subfield><subfield code="x">2575-5706</subfield><subfield code="w">(DLC)sn 85042289</subfield><subfield code="w">(OCoLC)12065651</subfield></datafield><datafield ind1="4" ind2="1" tag="856"><subfield code="u">http://search.proquest.com/hnpcincinnatienquirer</subfield></datafield><datafield ind1=" " ind2=" " tag="938"><subfield code="a">Kirtas Technologies, Inc.</subfield><subfield code="b">KRTS</subfield><subfield code="n">739201</subfield></datafield><datafield ind1="1" ind2=" " tag="029"><subfield code="a">AU@</subfield><subfield code="b">000004333996</subfield></datafield></record>